<record><leader>00000cas a22000007a 4500</leader><controlfield tag="001">26889703</controlfield><controlfield tag="008">921030d19331963ncuwr ne      0    0eng d</controlfield><datafield ind1=" " ind2=" " tag="010"><subfield code="a">sn 92074110 </subfield></datafield><datafield ind1=" " ind2=" " tag="040"><subfield code="a">NVJ</subfield><subfield code="b">eng</subfield><subfield code="c">NVJ</subfield><subfield code="d">OCLCQ</subfield></datafield><datafield ind1=" " ind2=" " tag="042"><subfield code="a">msc</subfield></datafield><datafield ind1="0" ind2=" " tag="130"><subfield code="a">Duplin times (Warsaw, N.C.)</subfield></datafield><datafield ind1="1" ind2="4" tag="245"><subfield code="a">The Duplin times.</subfield></datafield><datafield ind1=" " ind2=" " tag="260"><subfield code="a">Warsaw, N.C. :</subfield><subfield code="b">J. Robert Grady</subfield></datafield><datafield ind1=" " ind2=" " tag="300"><subfield code="a">v.</subfield></datafield><datafield ind1=" " ind2=" " tag="310"><subfield code="a">Weekly</subfield></datafield><datafield ind1="1" ind2=" " tag="362"><subfield code="a">Began in 1933.</subfield></datafield><datafield ind1="0" ind2=" " tag="362"><subfield code="a">-v. 30, no. 38 (Sept. 26, 1963).</subfield></datafield><datafield ind1=" " ind2=" " tag="500"><subfield code="a">Published in Kenansville, N.C., Jan. 17, 1935-Sept. 26, 1963.</subfield></datafield><datafield ind1=" " ind2=" " tag="515"><subfield code="a">Jan. 3, 1935 issue is misdated Jan. 3, 1934.</subfield></datafield><datafield ind1=" " ind2=" " tag="588"><subfield code="a">Description based on: Vol. 2, no. 24 (Jan. 3, 1935).</subfield></datafield><datafield ind1=" " ind2=" " tag="752"><subfield code="a">United States</subfield><subfield code="b">North Carolina</subfield><subfield code="c">Duplin</subfield><subfield code="d">Kenansville.</subfield></datafield><datafield ind1=" " ind2=" " tag="752"><subfield code="a">United States</subfield><subfield code="b">North Carolina</subfield><subfield code="c">Duplin</subfield><subfield code="d">Warsaw.</subfield></datafield><datafield ind1="0" ind2="7" tag="785"><subfield code="t">Progress sentinel</subfield></datafield><datafield ind1="0" ind2="7" tag="785"><subfield code="t">Duplin times progress sentinel</subfield><subfield code="w">(DLC)sn 94058229</subfield></datafield></record>